<?xml version="1.0" encoding="UTF-8"?>

<marc:record xmlns:marc="http://www.loc.gov/MARC21/slim" xmlns:xsi="http://www.w3.org/2001/XMLSchema-instance" xsi:schemaLocation="http://www.loc.gov/MARC21/slim http://www.loc.gov/standards/marcxml/schema/MARC21slim.xsd">
  <marc:leader>nam a22 7a 4500</marc:leader>
  <marc:controlfield tag="001">001046783</marc:controlfield>
  <marc:controlfield tag="003">CZ BrMZK</marc:controlfield>
  <marc:controlfield tag="005">20081205094618.0</marc:controlfield>
  <marc:controlfield tag="007">ta</marc:controlfield>
  <marc:controlfield tag="008">070312q14401460xr fr|||||00| ||latod</marc:controlfield>
  <marc:datafield tag="040" ind1=" " ind2=" ">
    <marc:subfield code="a">BOA001</marc:subfield>
    <marc:subfield code="b">cze</marc:subfield>
  </marc:datafield>
  <marc:datafield tag="072" ind1=" " ind2="7">
    <marc:subfield code="a">091</marc:subfield>
    <marc:subfield code="x">Rukopisy</marc:subfield>
    <marc:subfield code="2">Konspekt</marc:subfield>
    <marc:subfield code="9">12</marc:subfield>
  </marc:datafield>
  <marc:datafield tag="080" ind1=" " ind2=" ">
    <marc:subfield code="a">(0.032)</marc:subfield>
    <marc:subfield code="2">MRF</marc:subfield>
  </marc:datafield>
  <marc:datafield tag="080" ind1=" " ind2=" ">
    <marc:subfield code="a">091"04/14"</marc:subfield>
    <marc:subfield code="2">MRF</marc:subfield>
  </marc:datafield>
  <marc:datafield tag="100" ind1="0" ind2=" ">
    <marc:subfield code="a">Jan z Jesenice,</marc:subfield>
    <marc:subfield code="d">zemř. 1420</marc:subfield>
    <marc:subfield code="7">mzk2009533133</marc:subfield>
    <marc:subfield code="4">aut</marc:subfield>
  </marc:datafield>
  <marc:datafield tag="245" ind1="1" ind2="0">
    <marc:subfield code="a">Secuntur Auctoritates de communione utriusque speciei</marc:subfield>
  </marc:datafield>
  <marc:datafield tag="246" ind1="3" ind2=" ">
    <marc:subfield code="a">De sanguine Christi sub specie vini</marc:subfield>
  </marc:datafield>
  <marc:datafield tag="260" ind1=" " ind2=" ">
    <marc:subfield code="c">1440-1460</marc:subfield>
  </marc:datafield>
  <marc:datafield tag="300" ind1=" " ind2=" ">
    <marc:subfield code="a">198 l. ;</marc:subfield>
    <marc:subfield code="c">160 x 105 mm</marc:subfield>
  </marc:datafield>
  <marc:datafield tag="655" ind1=" " ind2="7">
    <marc:subfield code="a">rukopisy</marc:subfield>
    <marc:subfield code="2">czenas</marc:subfield>
  </marc:datafield>
  <marc:datafield tag="650" ind1="0" ind2="7">
    <marc:subfield code="a">středověké rukopisy</marc:subfield>
    <marc:subfield code="2">czenas</marc:subfield>
  </marc:datafield>
  <marc:datafield tag="700" ind1="1" ind2=" ">
    <marc:subfield code="a">Hus, Jan,</marc:subfield>
    <marc:subfield code="d">ca 1371-1415</marc:subfield>
    <marc:subfield code="7">jk01043287</marc:subfield>
    <marc:subfield code="4">aut</marc:subfield>
  </marc:datafield>
  <marc:datafield tag="700" ind1="0" ind2=" ">
    <marc:subfield code="a">Jan Rokycana,</marc:subfield>
    <marc:subfield code="d">ca 1397-1471</marc:subfield>
    <marc:subfield code="7">jn20000728241</marc:subfield>
    <marc:subfield code="4">aut</marc:subfield>
  </marc:datafield>
  <marc:datafield tag="910" ind1=" " ind2=" ">
    <marc:subfield code="b">Mk-0000.112</marc:subfield>
  </marc:datafield>
</marc:record>
